@article{Chubar1999,
    author = {Chubar, O. and Elleaume, P. and Snigirev, A.},
    doi = {10.1016/S0168-9002(99)00581-1},
    issn = {01689002},
    journal = {Nuclear Instruments and Methods in Physics Research, Section A: Accelerators, Spectrometers, Detectors and Associated Equipment},
    mendeley-groups = {X-ray physics/Accelerator physics/IDs},
    number = {3},
    pages = {495--508},
    title = {{Phase analysis and focusing of synchrotron radiation}},
    volume = {\textbf{435}},
    year = {1999}
}

@article{Chubar2001b,
    author = {Chubar, O. and Elleaume, P. and Snigirev, A.},
    doi = {10.1016/S0168-9002(01)00529-0},
    issn = {01689002},
    journal = {Nuclear Instruments and Methods in Physics Research, Section A: Accelerators, Spectrometers, Detectors and Associated Equipment},
    keywords = {Focusing,Synchrotron radiation,Wavefront},
    mendeley-groups = {X-ray physics/Accelerator physics/IDs},
    % number = {PART II},
    pages = {932--935},
    title = {{Phase corrections for synchrotron radiation}},
    volume = {\textbf{467-468}},
    year = {2001}
}

@book{Nye1999,
    author = {Nye, J F},
    edition = {First edition},
    isbn = {0750306106},
    mendeley-groups = {Optics/Books,Optics/Caustics},
    publisher = {Institute of Physics Publishing},
    title = {{Natural Focusing and Fine Structure of Light: Caustics and Wave Dislocations}},
    year = {1999}
}
@book{Kravstov1999,
    author = {Kravstov, Yu and Orlov, Yu},
    edition = {Second edition},
    mendeley-groups = {Optics/Books},
    publisher = {Springer-Verlag},
    title = {{Caustics, Catastrophes and Wave Fields}},
    year = {1999}
}

@book{Lawrence1972,
    author = {Lawrence, J. Dennis},
    edition = {First edition},
    isbn = {ISBN 0-486-60288-5},
    publisher = {Dover Publications},
    title = {{A catalog of special plane curves}},
    year = {1972},
    url = {https://archive.org/details/catalogofspecial00lawr}
}